<record><leader>00000cas a22000007a 4500</leader><controlfield tag="001">15212324</controlfield><controlfield tag="008">870219d18uu186umouwr ne      0    0ger d</controlfield><datafield ind1=" " ind2=" " tag="010"><subfield code="a">sn 87052211 </subfield></datafield><datafield ind1=" " ind2=" " tag="040"><subfield code="a">NPX</subfield><subfield code="b">eng</subfield><subfield code="c">NPX</subfield><subfield code="d">MQN</subfield><subfield code="d">NVF</subfield><subfield code="d">OCL</subfield><subfield code="d">OCLCQ</subfield><subfield code="d">OCLCF</subfield><subfield code="d">OCLCO</subfield><subfield code="d">OCLCA</subfield></datafield><datafield ind1="1" ind2=" " tag="029"><subfield code="a">AU@</subfield><subfield code="b">000020236662</subfield></datafield><datafield ind1=" " ind2=" " tag="042"><subfield code="a">msc</subfield></datafield><datafield ind1=" " ind2=" " tag="043"><subfield code="a">n-us-mo</subfield><subfield code="a">n-usc--</subfield></datafield><datafield ind1="0" ind2=" " tag="130"><subfield code="a">Anzeiger des Westens (Saint Louis, Mo. : 1861)</subfield></datafield><datafield ind1="1" ind2="0" tag="245"><subfield code="a">Anzeiger des Westens.</subfield></datafield><datafield ind1=" " ind2=" " tag="250"><subfield code="a">Sonntagsblatt.</subfield></datafield><datafield ind1=" " ind2=" " tag="260"><subfield code="a">St. Louis, Mo. :</subfield><subfield code="b">Aug. S. Bo&#776;rnstein &amp; Carl Bo&#776;rnstein</subfield></datafield><datafield ind1=" " ind2=" " tag="300"><subfield code="a">v.</subfield></datafield><datafield ind1=" " ind2=" " tag="310"><subfield code="a">Weekly</subfield></datafield><datafield ind1="1" ind2=" " tag="362"><subfield code="a">Began in 1835?</subfield></datafield><datafield ind1=" " ind2=" " tag="546"><subfield code="a">In German.</subfield></datafield><datafield ind1=" " ind2=" " tag="580"><subfield code="a">Daily eds.: Anzeiger des Westens (Saint Louis, Mo. : 1835), 1835-1846, and: Ta&#776;glicher Anzeiger des Westens (Saint Louis, Mo. : 1846), 1846-1850, and: Anzeiger des Westens (Saint Louis, Mo. : 1850), 1850-1857, and: Ta&#776;glicher Anzeiger des Westens (Saint Louis, Mo. : 1857), 1857-&lt;1861&gt;.</subfield></datafield><datafield ind1=" " ind2=" " tag="580"><subfield code="a">Weekly eds.: Anzeiger des Westens (Saint Louis, Mo. : Weekly), 1835-1847, and: Der Wo&#776;chentliche Anzeiger des Westens, 1847-&lt;1850&gt;, and: Anzeiger des Westens (Saint Louis, Mo. : 1851), &lt;1851&gt;-1857, and: Wo&#776;chentlicher Anzeiger des Westens, 1857-&lt;1861&gt;.</subfield></datafield><datafield ind1=" " ind2=" " tag="580"><subfield code="a">English ed.: Anzeiger des Westens (Saint Louis, Mo. : English ed.), 1853-&lt;&gt;.</subfield></datafield><datafield ind1=" " ind2=" " tag="580"><subfield code="a">Other Sunday eds.: Salon (Saint Louis, Mo.), 1857-&lt;&gt;, and: Westliche Bla&#776;tter, 1862-&lt;&gt;.</subfield></datafield><datafield ind1=" " ind2=" " tag="588"><subfield code="a">Description based on: 26. Jahrg., Nr. 252 (8. Sept. 1861).</subfield></datafield><datafield ind1=" " ind2="0" tag="650"><subfield code="a">Germans</subfield><subfield code="z">Missouri</subfield><subfield code="v">Newspapers.</subfield></datafield><datafield ind1=" " ind2="0" tag="650"><subfield code="a">Germans</subfield><subfield code="z">Middle West</subfield><subfield code="v">Newspapers.</subfield></datafield><datafield ind1=" " ind2="0" tag="651"><subfield code="a">Saint Louis (Mo.)</subfield><subfield code="v">Newspapers.</subfield></datafield><datafield ind1=" " ind2="7" tag="655"><subfield code="a">Newspapers.</subfield><subfield code="2">fast</subfield><subfield code="0">(OCoLC)fst01423814</subfield></datafield><datafield ind1=" " ind2="7" tag="650"><subfield code="a">Germans.</subfield><subfield code="2">fast</subfield><subfield code="0">(OCoLC)fst00942100</subfield></datafield><datafield ind1=" " ind2="7" tag="651"><subfield code="a">Middle West.</subfield><subfield code="2">fast</subfield><subfield code="0">(OCoLC)fst01240052</subfield></datafield><datafield ind1=" " ind2="7" tag="651"><subfield code="a">Missouri.</subfield><subfield code="2">fast</subfield><subfield code="0">(OCoLC)fst01204724</subfield></datafield><datafield ind1=" " ind2="7" tag="651"><subfield code="a">Missouri</subfield><subfield code="z">Saint Louis.</subfield><subfield code="2">fast</subfield><subfield code="0">(OCoLC)fst01204930</subfield></datafield><datafield ind1=" " ind2=" " tag="752"><subfield code="a">United States</subfield><subfield code="b">Missouri</subfield><subfield code="d">Saint Louis.</subfield></datafield><datafield ind1="1" ind2=" " tag="775"><subfield code="t">Anzeiger des Westens (Saint Louis, Mo. : 1835)</subfield><subfield code="w">(DLC)sn 93060148</subfield></datafield><datafield ind1="1" ind2=" " tag="775"><subfield code="t">Ta&#776;glicher Anzeiger des Westens (Saint Louis, Mo. : 1846)</subfield><subfield code="w">(DLC)sn 83025375</subfield></datafield><datafield ind1="1" ind2=" " tag="775"><subfield code="t">Anzeiger des Westens (Saint Louis, Mo. : 1850)</subfield><subfield code="w">(DLC)sn 93060149</subfield></datafield><datafield ind1="1" ind2=" " tag="775"><subfield code="t">Ta&#776;glicher Anzeiger des Westens (Saint Louis, Mo. : 1857)</subfield><subfield code="w">(DLC)sn 93060150</subfield></datafield><datafield ind1="1" ind2=" " tag="775"><subfield code="t">Anzeiger des Westens (Saint Louis, Mo. : Weekly)</subfield><subfield code="w">(DLC)sn 90061189</subfield></datafield><datafield ind1="1" ind2=" " tag="775"><subfield code="t">Wo&#776;chentliche Anzeiger des Westens</subfield><subfield code="w">(DLC)sn 83045850</subfield></datafield><datafield ind1="1" ind2=" " tag="775"><subfield code="t">Anzeiger des Westens (Saint Louis, Mo. : 1851)</subfield><subfield code="w">(DLC)sn 83045851</subfield></datafield><datafield ind1="1" ind2=" " tag="775"><subfield code="t">Wo&#776;chentlicher Anzeiger des Westens</subfield><subfield code="w">(DLC)sn 83045856</subfield></datafield><datafield ind1="1" ind2=" " tag="775"><subfield code="t">Anzeiger des Westens (Saint Louis, Mo. : English ed.)</subfield><subfield code="w">(DLC)sn 94060608</subfield></datafield><datafield ind1="1" ind2=" " tag="775"><subfield code="t">Salon (Saint Louis, Mo.)</subfield><subfield code="w">(DLC)sn 94060609</subfield></datafield><datafield ind1="1" ind2=" " tag="775"><subfield code="t">Westliche Bla&#776;tter</subfield><subfield code="w">(DLC)sn 93060163</subfield></datafield><datafield ind1="0" ind2="0" tag="785"><subfield code="t">Neuer Anzeiger des Westens (Saint Louis, Mo. : 1864)</subfield><subfield code="w">(DLC)sn 93060152</subfield></datafield></record>